@Article{	  hud02:gen,
  author	= {Hudson, R. R.},
  title		= {Generating samples under a {W}right-{F}isher neutral model
		  of genetic variation},
  journal	= {Bioinformatics},
  year		= 2002,
  volume	= 18,
  pages		= {337--338}
}
